@book{bcb1,
  author = {Nakamoto, Satoshi},
  title = {{Bitcoin: A Peer-to-Peer Electronic Cash System}},
   howpublished = "\url{https://bitcoin.org/bitcoin.pdf/}",
  year = {2008}, 
  note = "available online at \url{https://www.blockchain.org/blockchain.pdf};
         (last retrieved 31. MÃ¤rz 2018.)" 
      }
    @book{antonopoulos2017mastering,
  title={Mastering Bitcoin: Programming the Open Blockchain},
  edition ={2. Edition},
  author={Antonopoulos, Andreas M},
  year={2017},
  publisher={O'Reilly Media, Inc.}
  }
  
  @book{devG,
  author = {BitcoinProject},
  title = {Developer Guide},
   howpublished = "\url{https://bitcoin.org/en/developer-guide#block-chain/}",
  year = {2009-2018}, 
  note = "available online at \url{https://bitcoin.org/en/developer-guide#block-chain/};
         (last retrieved 03. June 2018.)" 
    }
@article{doi:10.2308/isys-51804,
author = {Dai, Jun and Vasarhelyi, Miklos A.},
title = {Toward Blockchain-Based Accounting and Assurance},
journal = {Journal of Information Systems},
volume = {31},
number = {3},
pages = {5-21},
year = {2017},
doi = {10.2308/isys-51804},

URL = { 
        https://doi.org/10.2308/isys-51804
    
},
eprint = { 
        https://doi.org/10.2308/isys-51804
    
}

}
       
         
       
 
        